@book{hennessy2012computer, 
  title={Computer Architecture: A Quantitative Approach (The Morgan Kaufmann Series in Computer Architecture and Design)},
  author={John L. Hennessy and David A. Patterson},
  publisher={Morgan Kaufmann},
  year={2011},
  month={10},
  edition={5},
  asin={B0067KU84U},
  url={http://amazon.com/o/ASIN/B0067KU84U/},
  totalpages={856},
  timestamp={2014.05.02},
}

@online{franks1999rfc,
  title={{RFC 2617: HTTP Authentication: Basic and Digest Access Authentication}},
  author={Franks, John and Hallam-Baker, P and Hostetler, J and Lawrence, S and Leach, P and Luotonen, Ari and Stewart, L},
  year={1999},
  url={https://tools.ietf.org/html/rfc2617},
}

@InProceedings{	  abu2006multifaceted,
  title		= {A Multifaceted Approach to Understanding the Botnet
		  Phenomenon},
  author	= {Abu Rajab, M. and Zarfoss, J. and Monrose, F. and Terzis,
		  A.},
  booktitle	= {Proceedings of the 6th ACM SIGCOMM conference on Internet
		  measurement},
  pages		= {41--52},
  year		= {2006},
  organization	= {ACM},
  url		= {conferences.sigcomm.org/imc/2006/papers/p4-rajab.pdf}
}

@Book{		  anderson1999lapack,
  title		= {LAPACK Users' Guide (Software, Environments and Tools)},
  author	= {E. Anderson and Z. Bai and C. Bischof and S. Blackford and
		  J. Demmel and J. Dongarra and J. Du Croz and A. Greenbaum
		  and S. Hammarling and A. McKenney and D. Sorensen},
  publisher	= {Society for Industrial and Applied Mathematics},
  year		= {1987},
  month		= {1},
  edition	= {3},
  isbn		= {9780898714470},
  url		= {http://amazon.com/o/ASIN/0898714478/},
  price		= {$65.00},
  totalpages	= {429},
  timestamp	= {2014.05.05}
}

@Article{	  apparmor,
  title		= {{Paranoid Penguin: an Introduction to Novell \AppArmor}},
  author	= {Bauer, M.},
  journal	= {Linux Journal},
  volume	= {2006},
  number	= {148},
  pages		= {13},
  year		= {2006},
  publisher	= {Specialized Systems Consultants, Inc.},
  url		= {www.linuxjournal.com/article/9036}
}

@Article{	  armbrust2010view,
  title		= {A View of Cloud Computing},
  author	= {Armbrust, M. and others},
  journal	= {Communications of the ACM},
  volume	= {53},
  number	= {4},
  pages		= {50--58},
  year		= {2010},
  url		= {http://dl.acm.org/citation.cfm?id=1721672},
  publisher	= {ACM}
}

@Article{	  asareport,
  title		= {The Future of Publication in the Statistical Sciences},
  author	= {Leonard Stefanski and others},
  journal	= {The Membership Magazine of the American Statistical
		  Association},
  url		= {http://magazine.amstat.org/wp-content/uploads/2013an/FuturePublicationsReport.pdf}
		  ,
  year		= {2013}
}

@Article{	  banfield1999rweb,
  author	= "Jeff Banfield",
  title		= "\pkg{Rweb}: Web-based Statistical Analysis",
  journal	= "Journal of Statistical Software",
  volume	= "4",
  number	= "1",
  pages		= "1--15",
  day		= "12",
  month		= "3",
  year		= "1999",
  coden		= "JSSOBK",
  issn		= "1548-7660",
  bibdate	= "1999-03-12",
  url		= "http://www.jstatsoft.org/v04/i01",
  accepted	= "1999-03-12",
  submitted	= "1998-03-24"
}

@Manual{	  batesusing,
  year		= { 2004 },
  title		= {Using \R on Debian: Past, Present, and Future},
  author	= {Bates, D. and Eddelbuettel, D},
  note		= {UseR 2004},
  url		= {http://www.r-project.org/conferences/useR-2004/abstracts/Eddelbuettel+Bates+Gebhardt.pdf}
		  
}

@Article{	  bauer2006paranoid,
  title		= {{Paranoid Penguin: an Introduction to Novell \AppArmor}},
  author	= {Bauer, M.},
  journal	= {Linux Journal},
  volume	= {2006},
  number	= {148},
  pages		= {13},
  year		= {2006},
  publisher	= {Specialized Systems Consultants, Inc.}
}

@Book{		  becker1984s,
  title		= {S: An Interactive Environment for Data Analysis and
		  Graphics (His Competencies for Teaching; V. 3)},
  author	= {R. A. Becker and J. M. Chambers},
  publisher	= {Chapman and Hall/CRC},
  year		= {1984},
  month		= {2},
  edition	= {0},
  isbn		= {9780534033132},
  url		= {http://amazon.com/o/ASIN/053403313X/},
  price		= {$119.95},
  totalpages	= {552},
  timestamp	= {2014.05.02}
}

@Book{		  becker1988new,
  title		= {New S Language},
  author	= {R. A. Becker and J. M. Chambers and Allan R Wilks},
  publisher	= {Chapman and Hall/CRC},
  year		= {1988},
  month		= {6},
  isbn		= {9780534091934},
  url		= {http://amazon.com/o/ASIN/0534091938/},
  price		= {$89.95},
  totalpages	= {702},
  timestamp	= {2014.05.02}
}

@Article{	  bioc,
  title		= {Bioconductor: open software development for computational
		  biology and bioinformatics},
  author	= {Gentleman, R.C. and Carey, V.J. and Bates, D.M. and
		  Bolstad, B. and Dettling, M. and Dudoit, S. and Ellis, B.
		  and Gautier, L. and Ge, Y. and Gentry, J. and others},
  journal	= {Genome biology},
  volume	= {5},
  number	= {10},
  pages		= {R80},
  year		= {2004},
  publisher	= {BioMed Central Ltd},
  url		= {http://www.ncbi.nlm.nih.gov/pubmed/15461798}
}

@InProceedings{	  bondi2000characteristics,
  title		= {{Characteristics of scalability and their impact on
		  performance}},
  author	= {Bondi, Andr{\'e} B},
  booktitle	= {Proceedings of the 2nd international workshop on Software
		  and performance},
  pages		= {195--203},
  year		= {2000},
  url		= {http://dl.acm.org/citation.cfm?id=350432},
  organization	= {ACM}
}

@Article{	  bostock2011d3,
  title		= {D$^3$ Data-Driven Documents},
  author	= {Bostock, Michael and Ogievetsky, Vadim and Heer, Jeffrey},
  journal	= {Visualization and Computer Graphics, IEEE Transactions
		  on},
  volume	= {17},
  number	= {12},
  pages		= {2301--2309},
  year		= {2011},
  url		= {http://dl.acm.org/citation.cfm?id=2068631},
  publisher	= {IEEE}
}

@Article{	  brillinger2002john,
  title		= {{John W. Tukey: his life and professional contributions}},
  author	= {Brillinger, David R},
  journal	= {Annals of Statistics},
  pages		= {1535--1575},
  year		= {2002},
  publisher	= {JSTOR},
  url		= {http://www.stat.berkeley.edu/~brill/Papers/life.pdf}
}

@Manual{	  caret,
  title		= {caret: Classification and Regression Training},
  author	= {Max Kuhn},
  year		= {2013},
  note		= {R package version 5.16-04},
  url		= {http://CRAN.R-project.org/package=caret}
}

@Misc{		  chambersaward,
  title		= {{ACM honors dr. John M. Chambers of Bell Labs with the
		  1998 ACM software system award for creating \texttt{S}
		  system}},
  url		= {http://www.acm.org/announcements/ss99.html},
  year		= {1998},
  author	= {ACM}
}

@Book{		  chodorow2013mongodb,
  title		= {MongoDB: The Definitive Guide},
  author	= {Kristina Chodorow},
  publisher	= {O'Reilly Media},
  year		= {2013},
  month		= {5},
  edition	= {Second Edition},
  isbn		= {9781449344689},
  url		= {http://amazon.com/o/ASIN/1449344682/},
  price		= {$39.99},
  totalpages	= {432},
  timestamp	= {2014.05.05}
}

@Manual{	  cloudstat,
  title		= {Cloudstat: Analyze Big Data With \R in the Cloud},
  url		= {http://www.cloudstat.org},
  year		= {2012},
  author	= {Kai Chew}
}

@Article{	  cooley1965algorithm,
  title		= {An algorithm for the machine calculation of complex
		  Fourier series},
  author	= {Cooley, James W and Tukey, John W},
  journal	= {Mathematics of computation},
  volume	= {19},
  number	= {90},
  pages		= {297--301},
  year		= {1965},
  publisher	= {JSTOR}
}

@Manual{	  covingtonred,
  title		= {The \pkg{Red-R} Framework for Integrated Discovery},
  author	= {Covington, K.R. and Parikh, A.},
  year		= {2011},
  url		= {http://www.red-r.org/system/files/RedRMain.pdf}
}

@Article{	  cox1990planning,
  author	= {Cox, B.J.},
  journal	= {Software, IEEE},
  title		= {Planning the software industrial revolution},
  year		= {1990},
  month		= {Nov},
  volume	= {7},
  number	= {6},
  pages		= {25-33},
  url		= {http://ieeexplore.ieee.org/xpls/abs_all.jsp?arnumber=60587}
		  ,
  keywords	= {object-oriented programming;software
		  engineering;technology transfer;US history;interchangeable
		  parts technology;invention;object oriented;process-centered
		  cottage industry;software development;software industrial
		  revolution;technology transfer;value rigidity;Application
		  software;Assembly;Computer industry;Costs;Process
		  planning;Programming profession;Software
		  measurement;Software quality;Software reusability;Testing},
  doi		= {10.1109/52.60587},
  issn		= {0740-7459}
}

@Unpublished{	  cran2deb,
  title		= {cran2deb: A fully automated CRAN to Debian package
		  generation system},
  author	= {Dirk Eddelbuettel and Charles Blundell},
  url		= {https://r-forge.r-project.org/projects/cran2deb/},
  year		= {2009},
  note		= {Presented at UseR Conference, July 10-12, Rennes}
}

@Manual{	  cranrr,
  title		= {CRAN Task View: Reproducible Research},
  author	= {Max Kuhn},
  year		= {2014},
  url		= {http://cran.r-project.org/web/views/ReproducibleResearch.html}
		  
}

@Misc{		  crockford2006application,
  author	= "D. Crockford",
  title		= "{The \texttt{application/json} Media Type for JavaScript
		  Object Notation (\JSON)}",
  series	= "Request for Comments",
  number	= "4627",
  howpublished	= "RFC 4627 (Informational)",
  publisher	= "IETF",
  organization	= "Internet Engineering Task Force",
  year		= 2006,
  month		= jul,
  note		= "Obsoleted by RFCs 7158, 7159",
  url		= "http://www.ietf.org/rfc/rfc4627.txt"
}

@InProceedings{	  crockford2006json,
  title		= {{JSON: The fat-free alternative to XML}},
  author	= {Crockford, Douglas},
  booktitle	= {Proc. of XML},
  volume	= {2006},
  year		= {2006},
  url		= {http://www.json.org/fatfree.html}
}

@InProceedings{	  dabbish2012social,
  title		= {Social Coding in GitHub: Transparency and Collaboration in
		  an Open Software Repository},
  author	= {Dabbish, L. and Stuart, C. and Tsay, J. and Herbsleb, J.},
  booktitle	= {Proceedings of the ACM 2012 conference on Computer
		  Supported Cooperative Work},
  pages		= {1277--1286},
  year		= {2012},
  organization	= {ACM},
  url		= {http://dl.acm.org/citation.cfm?id=2145396}
}

###InProceedings{ dabbish2012social,
  author	= {Dabbish, Laura and Stuart, Colleen and Tsay, Jason and
		  Herbsleb, Jim},
  title		= {Social Coding in GitHub: Transparency and Collaboration in
		  an Open Software Repository},
  booktitle	= {Proceedings of the ACM 2012 Conference on Computer
		  Supported Cooperative Work},
  series	= {CSCW '12},
  year		= {2012},
  isbn		= {978-1-4503-1086-4},
  location	= {Seattle, Washington, USA},
  pages		= {1277--1286},
  numpages	= {10},
  url		= {http://doi.acm.org/10.1145/2145204.2145396},
  doi		= {10.1145/2145204.2145396},
  acmid		= {2145396},
  publisher	= {ACM},
  address	= {New York, NY, USA},
  keywords	= {awareness, collaboration, coordination, open source
		  software development, social computing, transparency}
}

@Article{	  dahl2008rinruby,
  author	= "David B. Dahl and Scott Crawford",
  title		= "RinRuby: Accessing the R Interpreter from Pure Ruby",
  journal	= "Journal of Statistical Software",
  volume	= "29",
  number	= "4",
  pages		= "1--18",
  day		= "20",
  month		= "1",
  year		= "2009",
  coden		= "JSSOBK",
  issn		= "1548-7660",
  bibdate	= "2008-11-26",
  url		= "http://www.jstatsoft.org/v29/i04",
  accepted	= "2008-11-26",
  acknowledgement="",
  keywords	= "",
  submitted	= "2008-07-03"
}

###Article{	  dahl2008rinruby,
  author	= "David B. Dahl and Scott Crawford",
  title		= "\pkg{RinRuby}: Accessing the \R Interpreter from Pure
		  Ruby",
  journal	= "Journal of Statistical Software",
  volume	= "29",
  number	= "4",
  pages		= "1--18",
  day		= "20",
  month		= "1",
  year		= "2009",
  coden		= "JSSOBK",
  issn		= "1548-7660",
  bibdate	= "2008-11-26",
  url		= "http://www.jstatsoft.org/v29/i04",
  accepted	= "2008-11-26",
  submitted	= "2008-07-03"
}

@Article{	  dean2004mapreduce,
  address	= {New York, NY, USA},
  author	= {Dean, Jeffrey and Ghemawat, Sanjay},
  doi		= {10.1145/1327452.1327492},
  issn		= {0001-0782},
  journal	= {Commun. ACM},
  keywords	= {large},
  month		= jan,
  number	= {1},
  pages		= {107--113},
  posted-at	= {2013-03-07 02:21:55},
  priority	= {2},
  publisher	= {ACM},
  title		= {{MapReduce: Simplified Data Processing on Large
		  Clusters}},
  url		= {http://dx.doi.org/10.1145/1327452.1327492},
  volume	= {51},
  year		= {2008}
}

@Article{	  deducer,
  author	= "Ian Fellows",
  title		= "\pkg{Deducer}: A Data Analysis GUI for \R",
  journal	= "Journal of Statistical Software",
  year		= 2012,
  volume	= "49",
  number	= "8",
  pages		= "1--15",
  url		= "http://www.jstatsoft.org/v49/i08"
}

@Article{	  ecma1999262,
  title		= {{ECMAScript Language Specification}},
  author	= {{Ecma International}},
  journal	= {{European Association for Standardizing Information and
		  Communication Systems}},
  year		= {1999},
  url		= {http://www.ecma-international.org/publications/files/ECMA-ST/Ecma-262.pdf}
		  
}

@Article{	  eddelbuettel2011rcpp,
  author	= "Dirk Eddelbuettel and Romain Francois",
  title		= "Rcpp: Seamless R and C++ Integration",
  journal	= "Journal of Statistical Software",
  volume	= "40",
  number	= "8",
  pages		= "1--18",
  day		= "13",
  month		= "4",
  year		= "2011",
  coden		= "JSSOBK",
  issn		= "1548-7660",
  bibdate	= "2011-03-21",
  url		= "http://www.jstatsoft.org/v40/i08",
  accepted	= "2011-03-21",
  acknowledgement="",
  keywords	= "",
  submitted	= "2010-11-15"
}

###Article{	  eddelbuettel2011rcpp,
  author	= "Dirk Eddelbuettel and Romain Francois",
  title		= "Rcpp: Seamless R and C++ Integration",
  journal	= "Journal of Statistical Software",
  volume	= "40",
  number	= "8",
  pages		= "1--18",
  day		= "13",
  month		= "4",
  year		= "2011",
  coden		= "JSSOBK",
  issn		= "1548-7660",
  bibdate	= "2011-03-21",
  url		= "http://www.jstatsoft.org/v40/i08",
  accepted	= "2011-03-21",
  acknowledgement="",
  keywords	= "",
  submitted	= "2010-11-15"
}

###Article{	  eddelbuettel2011rcpp,
  title		= {\pkg{Rcpp}: Seamless \R and \Cpp Integration},
  author	= {Eddelbuettel, D. and Fran{\c{c}}ois, R.},
  journal	= {Journal of Statistical Software},
  volume	= {40},
  number	= {8},
  pages		= {1--18},
  year		= {2011},
  publisher	= {Citeseer}
}

@Book{		  evans2004domain,
  title		= {Domain-Driven Design: Tackling Complexity in the Heart of
		  Software},
  author	= {Eric Evans},
  publisher	= {Addison-Wesley Professional},
  year		= {2003},
  month		= {8},
  edition	= {1},
  isbn		= {9780321125217},
  url		= {http://amazon.com/o/ASIN/0321125215/},
  price		= {$69.99},
  totalpages	= {560},
  timestamp	= {2014.05.02}
}

###Book{	  evans2004domain,
  title		= {Domain-Driven Design},
  author	= {Evans, E.},
  volume	= {70},
  year		= {2004},
  publisher	= {Citeseer}
}

@Article{	  fielding1999rfc,
  title		= {RFC 2616: Hypertext Transfer Protocol--HTTP/1.1},
  author	= {Fielding, R. and Gettys, J. and Mogul, J. and Frystyk, H.
		  and Masinter, L. and Leach, P. and Berners-Lee, T.},
  journal	= {The Internet Society},
  year		= {1999}
}

@PhDThesis{	  fielding2000architectural,
  added-at	= {2012-01-09T20:32:30.000+0100},
  author	= {Fielding, Roy Thomas},
  description	= {Architectural Styles and the Design of Network-based
		  Software Architectures},
  isbn		= {0-599-87118-0},
  keywords	= {api representational rest state transfer},
  note		= {AAI9980887},
  publisher	= {University of California, Irvine},
  timestamp	= {2012-01-09T20:32:30.000+0100},
  title		= {Architectural Styles and the Design of Network-based
		  Software Architectures},
  year		= 2000,
  url		= {https://www.ics.uci.edu/~fielding/pubs/dissertation/top.htm}
		  
}

###PhDThesis{	  fielding2000architectural,
  title		= {Architectural Styles and the Design of Network-based
		  Software Architectures},
  author	= {Fielding, R.T.},
  year		= {2000},
  school	= {Citeseer}
}

@Article{	  fielding2008rest,
  title		= {REST APIs must be hypertext-driven},
  author	= {Fielding, Roy T},
  url		= {http://roy.gbiv.com/untangled/2008/rest-apis-must-be-hypertext-driven}
		  ,
  journal	= {Untangled musings of Roy T. Fielding},
  year		= {2008}
}

@Article{	  fox2009aspects,
  title		= {{Aspects of the Social Organization and Trajectory of the
		  R Project}},
  author	= {Fox, J.},
  journal	= {The R Journal},
  volume	= {1},
  number	= {2},
  pages		= {5--13},
  year		= {2009},
  url		= {http://journal.r-project.org/archive/2009-2/RJournal_2009-2_Fox.pdf}
		  
}

@TechReport{	  future2013,
  title		= {The Future of Publication in the Statistical Sciences},
  author	= {Herbert Lee and Bruce Lindsay and Samantha C. Prins and
		  Nicholas P. Jewell and Michelle Dunn and Steven Snapinn and
		  David Banks and Leonard Stefanski},
  group		= {ASA},
  year		= {2013},
  url		= {http://magazine.amstat.org/wp-content/uploads/2013an/FuturePublicationsReport.pdf}
		  
}

@Article{	  garzarelli2003capability,
  title		= {Capability coordination in modular organization: Voluntary
		  FS/OSS production and the case of Debian GNU/Linux},
  author	= {Garzarelli, G. and Galoppini, R.},
  journal	= {Free Open Source Research Community},
  volume	= {11},
  year		= {2003}
}

@Manual{	  gautier2008rpy2,
  title		= {rpy2: A simple and efficient access to R from Python},
  author	= {Gautier, L},
  url		= {http://rpy.sourceforge.net/rpy2.html},
  year		= {2012}
}

###Manual{	  gautier2008rpy2,
  title		= {\pkg{rpy2}: A Aimple and Efficient Access to \R from
		  \Python},
  author	= {Gautier, L.},
  year		= {2008},
  url		= {http://rpy.sourceforge.net/rpy2.html}
}

@Book{		  ggplot2,
  author	= {Hadley Wickham},
  title		= {\pkg{ggplot2}: Elegant Graphics for Data Analysis},
  publisher	= {Springer-Verlag New York},
  year		= {2009},
  isbn		= {978-0-387-98140-6},
  url		= {http://had.co.nz/ggplot2/book}
}

###Book{	  ggplot2,
  author	= {Hadley Wickham},
  title		= {ggplot2: elegant graphics for data analysis},
  publisher	= {Springer New York},
  year		= {2009},
  isbn		= {978-0-387-98140-6},
  url		= {http://had.co.nz/ggplot2/book}
}

@Misc{		  hardt2012oauth,
  author	= "D. Hardt",
  title		= "{The OAuth 2.0 Authorization Framework}",
  series	= "Request for Comments",
  number	= "6749",
  howpublished	= "RFC 6749 (Proposed Standard)",
  publisher	= "IETF",
  organization	= "Internet Engineering Task Force",
  year		= 2012,
  month		= oct,
  url		= "http://www.ietf.org/rfc/rfc6749.txt"
}

@Book{		  heiberger2009r,
  title		= {R Through Excel: A Spreadsheet Interface for Statistics,
		  Data Analysis, and Graphics (Use R!)},
  author	= {Richard M. Heiberger and Erich Neuwirth},
  publisher	= {Springer},
  year		= {2009},
  month		= {8},
  edition	= {2009},
  isbn		= {9781441900517},
  url		= {http://amazon.com/o/ASIN/1441900519/},
  price		= {$64.95},
  totalpages	= {344},
  timestamp	= {2014.05.02}
}

###Book{	  heiberger2009r,
  title		= {\R Through Excel: A Spreadsheet Interface for Statistics,
		  Data Analysis, and Graphics},
  author	= {Heiberger, R.M. and Neuwirth, E.},
  year		= {2009},
  publisher	= {Springer-Verlag New York Inc},
  url		= {http://www.springer.com/statistics/computational+statistics/book/978-1-4419-0051-7}
		  
}

@Book{		  heineman2001component,
  title		= {Component-Based Software Engineering: Putting the Pieces
		  Together},
  author	= {George T. Heineman and William T. Councill},
  publisher	= {Addison-Wesley Professional},
  year		= {2001},
  month		= {6},
  isbn		= {9780201704853},
  url		= {http://amazon.com/o/ASIN/0201704854/},
  price		= {$64.99},
  totalpages	= {880},
  timestamp	= {2014.05.02}
}

@Manual{	  horner2013rapache,
  title		= {RApache: Web application development with R and Apache},
  author	= {Horner, Jeffrey},
  url		= {http://www.rapache.net},
  year		= {2013}
}

@Manual{	  httpuv,
  title		= {httpuv: HTTP and WebSocket server library},
  author	= {{RStudio Inc.}},
  year		= {2014},
  note		= {R package version 1.3.0},
  url		= {http://CRAN.R-project.org/package=httpuv}
}

@Article{	  ihaka1998r,
  title		= {\R: Past and Future History},
  author	= {Ihaka, Ross},
  journal	= {Computing Science and Statistics},
  pages		= {392--396},
  year		= {1998}
}

@Misc{		  ioccc,
  author	= {IOCCC},
  title		= {The International Obfuscated \C Code Contest},
  year		= {2012},
  url		= {http://www.ioccc.org}
}

@Manual{	  jgr,
  title		= {\pkg{JGR}: A \Java Gui for \R},
  author	= {Markus Helbig and Simon Urbanek and Ian Fellows},
  year		= {2011},
  note		= {R package version 1.7-7},
  url		= {http://CRAN.R-project.org/package=JGR}
}

@Manual{	  jri,
  title		= {\pkg{JRI} - \Java - \R Interface},
  author	= {Simon Urbanek},
  year		= {2011},
  note		= {JRI is now part of rJava},
  url		= {http://www.rforge.net/JRI/index.html}
}

@Misc{		  jsonkeys,
  title		= {First steps in data visualisation using d3.js},
  author	= {Mike Dewar},
  organization	= {bit.ly},
  year		= {2012},
  note		= {New York Open Statistical Programming Meetup on Jan. 12,
		  2012},
  url		= {http://vimeo.com/35005701#t=7m17s}
}

@Manual{	  jsonlite,
  title		= {jsonlite: A smarter JSON encoder/decoder for R},
  author	= {Jeroen Ooms and Duncan Temple Lang and Jonathan Wallace},
  note		= {R package version 0.9.7},
  url		= {http://github.com/jeroenooms/jsonlite#readme},
  year		= {2014}
}

@Article{	  jsonschema,
  title		= {{JSON Schema: core definitions and terminology}},
  organization	= {Internet Engineering Task Force (IETF)},
  author	= {F. Galiegue and K. Zyp},
  journal	= {draft-zyp-json-schema-04 (work in progress)},
  year		= {2013},
  url		= {https://tools.ietf.org/html/draft-zyp-json-schema-04}
}

@Article{	  king2007introduction,
  title		= {An Introduction to the Dataverse Network as an
		  Infrastructure for Data Sharing},
  author	= {King, G.},
  journal	= {Sociological Methods \& Research},
  volume	= {36},
  number	= {2},
  pages		= {173},
  year		= {2007},
  publisher	= {Sage Publications}
}

@Book{		  knuth1992literate,
  title		= {Literate Programming},
  author	= {Knuth, D.E. and Stanford University. Computer Science
		  Dept},
  year		= {1992},
  publisher	= {Citeseer}
}

@Article{	  lang2000omegahat,
  title		= {The Omegahat Environment: New Possibilities for
		  Statistical Computing},
  author	= {Lang, D.T.},
  journal	= {Journal of Computational and Graphical Statistics},
  pages		= {423--451},
  year		= {2000},
  publisher	= {JSTOR}
}

@Article{	  lang2007r,
  title		= {\R as a Web Client -- the \pkg{RCurl} package},
  author	= {Lang, D.T.},
  journal	= {Journal of Statistical Software, http://www. jstatsoft.
		  org},
  year		= {2007}
}

@Article{	  lawson1979basic,
  author	= {Lawson, C. L. and Hanson, R. J. and Kincaid, D. R. and
		  Krogh, F. T.},
  title		= {Basic Linear Algebra Subprograms for Fortran Usage},
  journal	= {ACM Trans. Math. Softw.},
  issue_date	= {Sept. 1979},
  volume	= {5},
  number	= {3},
  month		= sep,
  year		= {1979},
  issn		= {0098-3500},
  pages		= {308--323},
  numpages	= {16},
  url		= {http://doi.acm.org/10.1145/355841.355847},
  doi		= {10.1145/355841.355847},
  acmid		= {355847},
  publisher	= {ACM},
  address	= {New York, NY, USA}
}

@Article{	  leisch2002sweave,
  title		= {\pkg{Sweave}: Dynamic Generation of Statistical Reports
		  Using Literate Data Analysis.},
  author	= {Leisch, F.},
  year		= {2002},
  journal	= {Proceedings of CompStat 2002},
  publisher	= {SFB Adaptive Information Systems and Modelling in
		  Economics and Management Science, WU Vienna University of
		  Economics and Business}
}

###Article{	  leisch2002sweave,
  title		= {Sweave. Dynamic generation of statistical reports using
		  literate data analysis.},
  author	= {Leisch, F.},
  year		= {2002},
  journal	= {Report Series SFB "Adaptive Information Systems and
		  Modelling in Economics and Management Science"},
  publisher	= {SFB Adaptive Information Systems and Modelling in
		  Economics and Management Science, WU Vienna University of
		  Economics and Business},
  url		= {http://epub.wu.ac.at/1788/1/document.pdf}
}

@Manual{	  linuxrlimit,
  title		= {GETRLIMIT -- Linux Programmer's Manual},
  year		= {2012},
  author	= {{Free Software Foundation}},
  url		= {http://www.kernel.org/doc/man-pages/online/pages/man2/setrlimit.2.html}
		  
}

@Manual{	  littler,
  title		= {littler: a scripting front-end for GNU R. littler version
		  0.1.5},
  author	= {Horner, J. and Eddelbuettel, D},
  year		= {2011},
  url		= {http://dirk.eddelbuettel.com/code/littler.html}
}

###Manual{	  littler,
  title		= {\pkg{littler}: A Scripting Front-end for GNU \R},
  author	= {Jeffrey Horner and Dirk Eddelbuettel},
  year		= {2011},
  note		= {littler version 0.1.5},
  url		= {http://dirk.eddelbuettel.com/code/littler.html}
}

@Manual{	  lme4,
  title		= {\pkg{lme4}: Linear Mixed-Effects Models Using S4 Classes},
  author	= {Douglas Bates and Martin Maechler and Ben Bolker},
  year		= {2011},
  note		= {R package version 0.999375-39},
  url		= {http://CRAN.R-project.org/package=lme4}
}

@Article{	  manyika2011big,
  title		= {{Big data: The next frontier for innovation, competition,
		  and productivity}},
  author	= {Manyika, James and Chui, Michael and Brown, Brad and
		  Bughin, Jacques and Dobbs, Richard and Roxburgh, Charles
		  and Byers, Angela H},
  year		= {2011},
  journal	= {McKinsey Global Institute},
  url		= {http://www.mckinsey.com/insights/business_technology/big_data_the_next_frontier_for_innovation}
		  
}

@Book{		  mass,
  title		= {Modern Applied Statistics with S},
  author	= {W. N. Venables and B. D. Ripley},
  publisher	= {Springer},
  edition	= {Fourth},
  address	= {New York},
  year		= {2002},
  note		= {ISBN 0-387-95457-0},
  url		= {http://www.stats.ox.ac.uk/pub/MASS4}
}

@Article{	  menasce2003web,
  title		= {Web Server Software Architectures},
  author	= {Menasce, D.A.},
  journal	= {Internet Computing, IEEE},
  volume	= {7},
  number	= {6},
  pages		= {78--81},
  year		= {2003},
  publisher	= {IEEE}
}

@Article{	  mirkovic2004taxonomy,
  title		= {A taxonomy of DDoS Attack and DDoS Defense Mechanisms},
  author	= {Mirkovic, J. and Reiher, P.},
  journal	= {ACM SIGCOMM Computer Communication Review},
  volume	= {34},
  number	= {2},
  pages		= {39--53},
  year		= {2004},
  publisher	= {ACM},
  url		= {www.eecis.udel.edu/~sunshine/publications/ccr.pdf}
}

@Misc{		  moreira2006rpy,
  title		= {{\pkg{RPy}: \R from \Python}},
  author	= {Moreira, W. and Warnes, G.R.},
  year		= {2006},
  url		= {http://rpy.sourceforge.net/rpy/README}
}

@Manual{	  msgpack,
  title		= {MessagePack: It's like JSON. but fast and small},
  author	= {Sadayuki Furuhashi},
  year		= {2014},
  url		= {http://msgpack.org/}
}

@Manual{	  multicore,
  title		= {\pkg{multicore}: Parallel Processing of \R Code on
		  Machines with Multiple Cores or CPUs},
  author	= {Simon Urbanek},
  year		= {2011},
  note		= {R package version 0.1-7},
  url		= {http://CRAN.R-project.org/package=multicore}
}

@InProceedings{	  neuwirth2001embedding,
  title		= {{Embedding R in standard software, and the other way
		  around}},
  author	= {Neuwirth, Erich and Baier, Thomas},
  booktitle	= {Proceedings of the Distributed Statistical Computing 2001
		  Workshop},
  url		= {http://www.r-project.org/conferences/DSC-2001/Proceedings/NeuwirthBaier.pdf}
		  ,
  year		= {2001}
}

###InProceedings{ neuwirth2001embedding,
  title		= {Embedding R in standard software, and the other way
		  around},
  author	= {Neuwirth, Erich and Baier, Thomas},
  booktitle	= {Proceedings of the Distributed Statistical Computing 2001
		  Workshop},
  url		= {http://www.r-project.org/conferences/DSC-2001/Proceedings/NeuwirthBaier.pdf}
		  ,
  year		= {2001}
}

@Article{	  nolan2010computing,
  title		= {{Computing in the statistics curricula}},
  author	= {Nolan, Deborah and {Temple Lang}, Duncan},
  journal	= {The American Statistician},
  volume	= {64},
  number	= {2},
  year		= {2010},
  url		= {http://www.stat.berkeley.edu/~statcur/Preprints/ComputingCurric3.pdf}
		  
}

@Book{		  nolan2014xml,
  title		= {XML and Web Technologies for Data Sciences with R},
  author	= {Nolan, Deborah and Temple Lang, Duncan},
  year		= {2014},
  publisher	= {Springer},
  url		= {http://link.springer.com/book/10.1007/978-1-4614-7900-0}
}

@Manual{	  opencpu,
  title		= {\pkg{OpenCPU}: Producing and Reproducing Results},
  author	= {Jeroen Ooms},
  year		= {2013},
  url		= {http://www.opencpu.org}
}

@Manual{	  opencpu.encode,
  title		= {opencpu.encode: opencpu object encoder/decoder},
  author	= {Jeroen Ooms},
  year		= {2011},
  url		= {https://github.com/jeroenooms/opencpu.encode},
  note		= {R package version 0.21}
}

@Article{	  peng2011reproducible,
  author	= {Peng, Roger D.},
  day		= {02},
  doi		= {10.1126/science.1213847},
  issn		= {1095-9203},
  journal	= {Science},
  keywords	= {computational, reproducibility, research, science},
  month		= dec,
  number	= {6060},
  pages		= {1226--1227},
  pmcid		= {PMC3383002},
  pmid		= {22144613},
  posted-at	= {2012-02-29 15:06:58},
  priority	= {2},
  publisher	= {American Association for the Advancement of Science},
  title		= {{Reproducible Research in Computational Science}},
  url		= {http://dx.doi.org/10.1126/science.1213847},
  volume	= {334},
  year		= {2011}
}

###Article{	  peng2011reproducible,
  author	= {Peng, Roger D.},
  day		= {02},
  doi		= {10.1126/science.1213847},
  issn		= {1095-9203},
  journal	= {Science},
  keywords	= {computational, reproducibility, research, science},
  month		= dec,
  number	= {6060},
  pages		= {1226--1227},
  pmcid		= {PMC3383002},
  pmid		= {22144613},
  posted-at	= {2012-02-29 15:06:58},
  priority	= {2},
  publisher	= {American Association for the Advancement of Science},
  title		= {{Reproducible Research in Computational Science}},
  url		= {http://dx.doi.org/10.1126/science.1213847},
  volume	= {334},
  year		= {2011}
}

@Article{	  pythonfunctional,
  title		= {Functional Programming},
  author	= {{A. M. Kuchling}},
  year		= {2014},
  note		= {Release 0.31},
  journal	= {Python Documentation},
  url		= {http://docs.python.org/2/howto/functional.html}
}

@Manual{	  r,
  title		= {R: A Language and Environment for Statistical Computing},
  author	= {{R Core Team}},
  organization	= {R Foundation for Statistical Computing},
  address	= {Vienna, Austria},
  year		= {2014},
  url		= {http://www.R-project.org/}
}

###Manual{	  r,
  title		= {R: A Language and Environment for Statistical Computing},
  author	= {{R Core Team}},
  organization	= {R Foundation for Statistical Computing},
  address	= {Vienna, Austria},
  year		= {2014},
  url		= {http://www.R-project.org/}
}

###Manual{	  r,
  title		= {R: A Language and Environment for Statistical Computing},
  author	= {{R Core Team}},
  organization	= {R Foundation for Statistical Computing},
  address	= {Vienna, Austria},
  year		= {2014},
  url		= {http://www.R-project.org/}
}

@Manual{	  r-project,
  title		= {\R: A Language and Environment for Statistical Computing},
  author	= {{R Development Core Team}},
  organization	= {R Foundation for Statistical Computing},
  address	= {Vienna, Austria},
  year		= {2012},
  note		= {{ISBN} 3-900051-07-0},
  url		= {http://www.R-project.org/}
}

###Manual{	  r-project,
  title		= {\R: A Language and Environment for Statistical Computing},
  author	= {{R Development Core Team}},
  organization	= {R Foundation for Statistical Computing},
  address	= {Vienna, Austria},
  year		= {2012},
  note		= {{ISBN} 3-900051-07-0},
  url		= {http://www.R-project.org/}
}

@Manual{	  rapache,
  title		= {\pkg{rApache}: Web Application Development with \R and
		  Apache.},
  author	= {Jeffrey Horner},
  year		= {2011},
  url		= {http://www.rapache.net/}
}

@Book{		  reade1989elements,
  title		= {Elements Of Functional Programming (International Computer
		  Science Series)},
  author	= {Chris Reade},
  publisher	= {Addison-Wesley},
  year		= {1989},
  month		= {1},
  edition	= {1},
  isbn		= {9780201129151},
  url		= {http://amazon.com/o/ASIN/0201129159/},
  price		= {$64.00},
  totalpages	= {600},
  timestamp	= {2014.05.02}
}

@Manual{	  renjin,
  title		= {\pkg{Renjin}: JVM-based Interpreter for \R},
  url		= {http://code.google.com/p/renjin/},
  author	= {Alex Bertram},
  year		= {2012}
}

@Misc{		  rfc2616,
  author	= "R. Fielding and J. Gettys and J. Mogul and H. Frystyk and
		  L. Masinter and P. Leach and T. Berners-Lee",
  title		= "{Hypertext Transfer Protocol -- HTTP/1.1}",
  series	= "Request for Comments",
  number	= "2616",
  howpublished	= "RFC 2616 (Draft Standard)",
  publisher	= "IETF",
  organization	= "Internet Engineering Task Force",
  year		= 1999,
  month		= jun,
  note		= "Updated by RFCs 2817, 5785, 6266, 6585",
  url		= "http://www.ietf.org/rfc/rfc2616.txt"
}

@Manual{	  rinside,
  title		= {\pkg{RInside}: \Cpp Classes to Embed \R in \Cpp Applications},
  author	= {Dirk Eddelbuettel and Romain Francois},
  year		= {2011},
  note		= {R package version 0.2.4},
  url		= {http://CRAN.R-project.org/package=RInside}
}

@Unpublished{	  ripleycran,
  title		= {The \R Development Process},
  author	= {Brian Ripley},
  year		= {2011},
  note		= {The R User Conference 2011},
  url		= {http://web.warwick.ac.uk/statsdept/user2011/invited/user2011_Ripley.pdf}
		  
}

@Article{	  ritchie1974unix,
  author	= {Ritchie, Dennis M. and Thompson, Ken},
  title		= {The UNIX Time-sharing System},
  journal	= {Commun. ACM},
  issue_date	= {July 1974},
  volume	= {17},
  number	= {7},
  month		= jul,
  year		= {1974},
  issn		= {0001-0782},
  pages		= {365--375},
  numpages	= {11},
  url		= {http://doi.acm.org/10.1145/361011.361061},
  doi		= {10.1145/361011.361061},
  acmid		= {361061},
  publisher	= {ACM},
  address	= {New York, NY, USA},
  keywords	= {PDP-11, command language, file system, operating system,
		  time-sharing}
}

@Manual{	  rjava,
  title		= {rJava: Low-level R to Java interface},
  author	= {Simon Urbanek},
  year		= {2013},
  note		= {R package version 0.9-6},
  url		= {http://CRAN.R-project.org/package=rJava}
}

@Manual{	  rjson,
  title		= {rjson: JSON for R},
  author	= {Alex Couture-Beil},
  year		= {2013},
  note		= {R package version 0.2.13},
  url		= {http://CRAN.R-project.org/package=rjson}
}

@Manual{	  rjsonio,
  title		= {\pkg{RJSONIO}: Serialize \R Objects to JSON, JavaScript
		  Object Notation},
  author	= {Duncan Temple Lang},
  note		= {R package version 0.98-0},
  year		= {2012}
}

###Manual{	  rjsonio,
  title		= {RJSONIO: Serialize R objects to JSON, JavaScript Object
		  Notation},
  author	= {Duncan {Temple Lang}},
  year		= {2013},
  note		= {R package version 1.0-3},
  url		= {http://CRAN.R-project.org/package=RJSONIO}
}

@Manual{	  roxygen,
  title		= {\pkg{roxygen}: Literate Programming in \R},
  author	= {Peter Danenberg and Manuel Eugster},
  year		= {2009},
  note		= {R package version 0.1-2},
  url		= {http://CRAN.R-project.org/package=roxygen}
}

@Article{	  rprotobuf,
  hyphenation	= {american},
  author	= {Dirk Eddelbuettel and Murray Stokely and Jeroen Ooms},
  title		= {{\texttt{RProtoBuf}: Efficient Cross-Language Data
		  Serialization in R}},
  date		= {2014-01-28},
  eprinttype	= {arxiv},
  journal	= {arXiv:1401.7372},
  url		= {http://arxiv.org/abs/1401.7372}
}

@Manual{	  rserve,
  title		= {\pkg{Rserve}: Binary \R server},
  author	= {Simon Urbanek},
  year		= {2013},
  note		= {R package version 0.6-8.1},
  url		= {http://CRAN.R-project.org/package=Rserve}
}

@Manual{	  rsxml,
  title		= {\pkg{XML}: Tools for Parsing and Generating XML Within \R
		  and \proglang{S-PLUS}.},
  author	= {Duncan Temple Lang},
  year		= {2010},
  note		= {R package version 3.2-0},
  url		= {http://CRAN.R-project.org/package=XML}
}

@Manual{	  sandboxr,
  title		= {The \pkg{sandboxR} package: Filtering "malicious" Calls in
		  \R},
  author	= {Gergely Daroczi},
  year		= {2013},
  url		= {https://github.com/Rapporter/sandboxR}
}

@Article{	  selinux,
  title		= {{Implementing SELinux as a \Linux Security Module}},
  author	= {Smalley, S. and Vance, C. and Salamon, W.},
  journal	= {NAI Labs Report},
  volume	= {1},
  pages		= {43},
  year		= {2001},
  url		= {http://www.nsa.gov/research/_files/publications/implementing_selinux.pdf}
		  
}

@Manual{	  shiny,
  title		= {shiny: Web Application Framework for R},
  author	= {{RStudio Inc.}},
  year		= {2014},
  note		= {R package version 0.9.1},
  url		= {http://CRAN.R-project.org/package=shiny}
}

@Manual{	  statet,
  title		= {\pkg{StatET}: Eclipse based IDE for \R},
  author	= {Stephan Wahlbrink},
  year		= {2009},
  url		= {http://www.walware.de/goto/statet}
}

@Manual{	  stockplot,
  title		= {Stockplot web application: A Web Interface for Plotting
		  Historical Stock Values.},
  author	= {Ooms, J.C.L.},
  year		= {2009},
  url		= {http://rweb.stat.ucla.edu/stockplot}
}

@Article{	  tidydata,
  title		= {{Tidy Data}},
  author	= {Wickham, Hadley},
  journal	= {Under review},
  year		= {2014},
  url		= {http://vita.had.co.nz/papers/tidy-data.pdf}
}

@InProceedings{	  tomoyo,
  title		= {{Task Oriented Management Obviates Your Onus on \Linux}},
  author	= {Harada, T. and Horie, T. and Tanaka, K.},
  booktitle	= {Linux Conference},
  url		= {http://sourceforge.jp/projects/tomoyo/document/lc2004-en.pdf}
		  ,
  year		= {2004}
}

@Article{	  torvalds2010git,
  title		= {Git: Fast version control system},
  author	= {Torvalds, Linus and Hamano, Junio},
  url		= {http://git-scm.com},
  year		= {2010}
}

###Manual{	  torvalds2010git,
  title		= {GIT: Fast Version Control System},
  author	= {Torvalds, L. and Hamano, JC},
  url		= {http://git-scm.com},
  year		= {2010}
}

@Book{		  tukey1977exploratory,
  title		= {Exploratory Data Analysis},
  author	= {John W. Tukey},
  publisher	= {Pearson},
  year		= {1977},
  edition	= {1},
  isbn		= {9780201076165},
  url		= {http://amazon.com/o/ASIN/0201076160/},
  price		= {$103.00},
  totalpages	= {688},
  timestamp	= {2014.05.02}
}

@Manual{	  ubunturlimit,
  url		= {http://manpages.ubuntu.com/manpages/precise/man2/getrlimit.2.html}
		  ,
  title		= {Ubuntu 12.04 Precise Manual: GETRLIMIT(2)},
  year		= {2012},
  author	= {{Canonical, Inc}}
}

@Manual{	  urbanek2007rjava,
  title		= {\pkg{rJava}: Low-Level \proglang{R} to \proglang{Java}
		  Interface},
  author	= {Simon Urbanek},
  year		= {2013},
  note		= {\proglang{R}~package version~0.9-4},
  url		= {http://CRAN.R-project.org/package=rJava}
}

@Manual{	  urbanek2013rserve,
  title		= {Rserve: Binary R server},
  author	= {Simon Urbanek},
  year		= {2013},
  note		= {R package version 1.7-3},
  url		= {http://CRAN.R-project.org/package=Rserve}
}

@Article{	  van2009stage,
  title		= {Stage line diagram: An age-conditional reference diagram
		  for tracking development},
  author	= {van Buuren, Stef and Ooms, Jeroen CL},
  journal	= {Statistics in medicine},
  volume	= {28},
  number	= {11},
  pages		= {1569--1579},
  year		= {2009},
  url		= {http://onlinelibrary.wiley.com/doi/10.1002/sim.3567/abstract}
		  ,
  publisher	= {Wiley Online Library}
}

###Article{	  van2009stage,
  title		= {Stage line diagram: An age-conditional reference diagram
		  for tracking development},
  author	= {van Buuren, Stef and Ooms, Jeroen CL},
  journal	= {Statistics in medicine},
  volume	= {28},
  number	= {11},
  pages		= {1569--1579},
  year		= {2009},
  url		= {http://onlinelibrary.wiley.com/doi/10.1002/sim.3567/abstract}
		  ,
  publisher	= {Wiley Online Library}
}

###Article{	  van2009stage,
  title		= {Stage Line Diagram: An Age-conditional Reference Diagram
		  for Tracking Development},
  author	= {van Buuren, S. and Ooms, J.C.L.},
  journal	= {Statistics in medicine},
  volume	= {28},
  number	= {11},
  pages		= {1569--1579},
  year		= {2009},
  publisher	= {Wiley Online Library}
}

@Manual{	  varnish,
  author	= {Poul Henning Kamp},
  title		= {Varnish Cache},
  url		= {https://www.varnish-cache.org},
  year		= {2011}
}

@Misc{		  wiki:apparmor,
  author	= "Wikipedia",
  title		= "Apparmor --- Wikipedia{,} The Free Encyclopedia",
  year		= "2007",
  url		= "\url{http://en.wikipedia.org/w/index.php?title=Apparmor&oldid=174584639}"
		  ,
  note		= "[Online; accessed 23-October-2011]"
}

@Misc{		  wiki:centos,
  author	= "Wikipedia",
  title		= "Selinux --- Wikipedia{,} The Free Encyclopedia",
  year		= "2004",
  url		= "\url{http://en.wikipedia.org/w/index.php?title=Selinux&oldid=16984039}"
		  ,
  note		= "[Online; accessed 23-October-2011]"
}

@Misc{		  wiki:ddd,
  author	= "Wikipedia",
  title		= "Domain-driven design --- Wikipedia{,} The Free
		  Encyclopedia",
  year		= "2011",
  url		= "\url{http://en.wikipedia.org/w/index.php?title=Domain-driven_design&oldid=456415185}"
		  ,
  note		= "[Online; accessed 21-October-2011]"
}

@Article{	  writingextensions,
  title		= {Writing R Extensions},
  author	= {{R Core Team}},
  journal	= {R Foundation for Statistical Computing},
  url		= {http://cran.r-project.org/doc/manuals/R-exts.html},
  year		= {2014}
}

@Manual{	  yeroon,
  title		= {ggplot web application: A Web Interface for the \R Package
		  ggplot2},
  author	= {Ooms, J.C.L.},
  year		= {2010},
  note		= {Version 0.2},
  url		= {http://rweb.stat.ucla.edu/ggplot2}
}

@Manual{	  yeroonlme4,
  title		= {lme4 web application: A Web Interface for the \R Package
		  \pkg{lme4}},
  author	= {Ooms, J.C.L.},
  year		= {2010},
  url		= {http://rweb.stat.ucla.edu/lme4}
}
